<?xml version="1.0" encoding="UTF-8"?><collection xmlns="http://www.loc.gov/MARC21/slim"><record><leader>00483nam--2200193-i-4500</leader><controlfield tag="001">000046164</controlfield><controlfield tag="002">20161230</controlfield><controlfield tag="005">20170131090759</controlfield><controlfield tag="008">060222s1000------------r-----000-0-rum-d</controlfield><datafield ind1=" " ind2=" " tag="040"><subfield code="a">IFIN-HH</subfield></datafield><datafield ind1=" " ind2=" " tag="041"><subfield code="a">rum</subfield></datafield><datafield ind1=" " ind2=" " tag="080"><subfield code="a">530.1(075.8)</subfield></datafield><datafield ind1="1" ind2=" " tag="100"><subfield code="a">Vasiu, Mircea</subfield></datafield><datafield ind1="1" ind2="0" tag="245"><subfield code="a">Fizica teoretica</subfield><subfield code="c">Mircea Vasiu</subfield></datafield><datafield ind1=" " ind2=" " tag="250"><subfield code="a">Editia a doua</subfield></datafield><datafield ind1=" " ind2=" " tag="260"><subfield code="a">Bucuresti</subfield><subfield code="b">Editura Didactica si Pedagogica</subfield><subfield code="c">1970</subfield></datafield><datafield ind1=" " ind2=" " tag="300"><subfield code="a">546 p</subfield></datafield><datafield ind1=" " ind2=" " tag="852"><subfield code="c">530.1</subfield><subfield code="a">33814</subfield></datafield><datafield ind1=" " ind2=" " tag="CAT"><subfield code="a">SYS</subfield><subfield code="c">20170131</subfield><subfield code="h">090759</subfield></datafield></record></collection>